@book{dobson2018introduction,
  title={An Introduction to Generalized Linear Models},
  author={A J Dobson and A G Barnett},
  series={Chapman \& Hall/CRC Texts in Statistical Science},
  year={2018},
  publisher={CRC Press}
}
